<record><leader>00000cas a2200000 a 4500</leader><controlfield tag="001">690106598</controlfield><controlfield tag="008">101207d2006200utxumr n       0    0eng c</controlfield><datafield ind1=" " ind2=" " tag="010"><subfield code="a">  2010240757</subfield></datafield><datafield ind1=" " ind2=" " tag="040"><subfield code="a">IXA</subfield><subfield code="b">eng</subfield><subfield code="c">IXA</subfield><subfield code="d">OCLCF</subfield></datafield><datafield ind1="0" ind2=" " tag="041"><subfield code="a">eng</subfield><subfield code="a">spa</subfield></datafield><datafield ind1=" " ind2=" " tag="042"><subfield code="a">pcc</subfield></datafield><datafield ind1=" " ind2=" " tag="043"><subfield code="a">n-us-tx</subfield></datafield><datafield ind1="0" ind2="3" tag="245"><subfield code="a">La voz de South Austin.</subfield></datafield><datafield ind1=" " ind2=" " tag="260"><subfield code="a">Austin, Tex. :</subfield><subfield code="b">A. Santos</subfield></datafield><datafield ind1=" " ind2=" " tag="300"><subfield code="a">v. :</subfield><subfield code="b">ill. ;</subfield><subfield code="c">32 cm.</subfield></datafield><datafield ind1=" " ind2=" " tag="310"><subfield code="a">Monthly</subfield></datafield><datafield ind1="1" ind2=" " tag="362"><subfield code="a">Began in 2006.</subfield></datafield><datafield ind1=" " ind2=" " tag="500"><subfield code="a">"Informando a la comunidad en Austin, Texas."</subfield></datafield><datafield ind1=" " ind2=" " tag="546"><subfield code="a">English and Spanish.</subfield></datafield><datafield ind1=" " ind2=" " tag="580"><subfield code="a">Merged with: La voz de Montopolis, La voz de East Austin, La voz de Riverside/Oltorf and La voz de Dove Springs, to form: La voz de Austin.</subfield></datafield><datafield ind1=" " ind2=" " tag="588"><subfield code="a">Description based on: Vol. #1, no. 2 (Sept. 2006).</subfield></datafield><datafield ind1=" " ind2=" " tag="588"><subfield code="a">Latest issue consulted: Vol. #1, no. 2 (Sept. 2006).</subfield></datafield><datafield ind1=" " ind2="0" tag="651"><subfield code="a">Austin (Tex.)</subfield><subfield code="v">Newspapers.</subfield></datafield><datafield ind1=" " ind2="0" tag="650"><subfield code="a">Mexican Americans</subfield><subfield code="z">Texas</subfield><subfield code="z">Austin</subfield><subfield code="v">Newspapers.</subfield></datafield><datafield ind1=" " ind2="7" tag="655"><subfield code="a">Newspapers.</subfield><subfield code="2">fast</subfield><subfield code="0">(OCoLC)fst01423814</subfield></datafield><datafield ind1=" " ind2="7" tag="650"><subfield code="a">Mexican Americans.</subfield><subfield code="2">fast</subfield><subfield code="0">(OCoLC)fst01019072</subfield></datafield><datafield ind1=" " ind2="7" tag="651"><subfield code="a">Texas</subfield><subfield code="z">Austin.</subfield><subfield code="2">fast</subfield><subfield code="0">(OCoLC)fst01204313</subfield></datafield><datafield ind1=" " ind2=" " tag="752"><subfield code="a">United States</subfield><subfield code="b">Texas</subfield><subfield code="c">Travis</subfield><subfield code="d">Austin.</subfield></datafield><datafield ind1="1" ind2="7" tag="785"><subfield code="t">Voz de Montopolis</subfield></datafield><datafield ind1="1" ind2="7" tag="785"><subfield code="t">Voz de East Austin</subfield></datafield><datafield ind1="1" ind2="7" tag="785"><subfield code="t">Voz de Riverside/Oltorf</subfield></datafield><datafield ind1="1" ind2="7" tag="785"><subfield code="t">Voz de Dove Springs</subfield></datafield><datafield ind1="1" ind2="7" tag="785"><subfield code="t">Voz de Austin</subfield></datafield></record>